% Bibliografía

% Este fichero contiene la bibliografía de la memoria
% Está en un formato que se conoce como BibTex.
% Hay muchos sitios web que exportan referencias en formato BibTeX. 
% Prueba a buscar en http://scholar.google.com por referencias
% y verás que lo puedes hacer de manera sencilla.
% Más información: 
% http://texblog.org/2014/04/22/using-google-scholar-to-download-bibtex-citations/

% Existen varias posibilidades para referenciar diferentes tipos de documentos,
% ya que los datos necesarios varían. Así, existen formatos de entrada para
%     * libros (book)
%     * artículos en revistas de investigación (article)
%     * capítulos de libro (incollection)
%     * informes técnicos (techreport)
%     * otros (misc)
%
% Las páginas web deberían ir como misc.

% Una última cosa: no referencias nunca la WikiPedia
% La WikiPedia, como buena enciclopedia, no es fuente primaria.
% Si acaso, busca por citas en la WikiPedia (que sí ha de referenciar fuentes
% primarias) y haz referencia a las mismas.


@Misc{bib:bonilista,
    title = {Transparencia, por decreto \\ \url{https://mailchi.mp/bonillaware/transparencia-decreto?e=13a53236f5}},
    note = {Visitado por última vez el 14 de julio de 2021}
}

@Misc{bib:linkedinarticle,
    title = {Sorry, {R}ecruiters! {Y}ou're {N}ot {G}etting {M}y {S}alary {H}istory \\ \url{https://www.linkedin.com/pulse/sorry-recruiters-youre-getting-my-salary-history-liz-ryan}},
    note = {Visitado por última vez el 14 de julio de 2021}
}

@Misc{bib:wsj,
    title = {Open {S}alaries: the {G}ood, the {B}ad and the {A}wkward \\ \url{https://www.wsj.com/articles/open-salaries-the-good-the-bad-and-the-awkward-1452624480}},
    note = {Visitado por última vez el 14 de julio de 2021}
}

@Misc{bib:theatlantic,
    title = {When the {B}oss {S}ays, '{D}on't {T}ell {Y}our {C}oworkers {H}ow {M}uch {Y}ou {G}et {P}aid' \\ \url{https://www.theatlantic.com/business/archive/2014/07/when-the-boss-says-dont-tell-your-coworkers-how-much-you-get-paid/374467/} },
    note = {Visitado por última vez el 14 de julio de 2021}
}

@Misc{bib:payscale,
    title = {Herramienta de comparación de salario {P}ayscale.com \\ \url{https://www.payscale.com/research/ES/Employer/Engineering-and-Science}},
    note = {Visitado por última vez el 14 de julio de 2021}
}

@Misc{bib:salarycom,
    title = {Herramienta de comparación de salario {S}alary.com \\ \url{https://www.salary.com/}},
    note = {Visitado por última vez el 14 de julio de 2021}
}

@Misc{bib:salaryexpert,
    title = {Herramienta de comparación de salario {S}alaryexpert.com \\ \url{https://www.salaryexpert.com/}},
    note = {Visitado por última vez el 14 de julio de 2021}
}

@Misc{bib:glassdoor,
    title = {Herramienta de comparación de salario {G}lassDoor.com \\ \url{https://www.glassdoor.es/index.htm}},
    note = {Visitado por última vez el 14 de julio de 2021}
}

@Misc{bib:tfg,
    author = {Rubén Sánchez Rivero},
    title = {Aplicación {M}óvil {A}ndroid para el {I}ntercambio de {I}nformación sobre {E}mpleo entre {E}studiantes con {C}ontroles de {P}rivacidad},
    year = 2019
}


@Misc{bib:appserver,
    title = {What is an {A}pp {S}erver? \\ \url{https://www.theserverside.com/news/1363671/What-is-an-App-Server}},
    note = {Visitado por última vez el 14 de julio de 2021}
}

@Misc{bib:java,
    title = {¿{Q}ué es {J}ava? \\ \url{https://www.java.com/es/about/whatis_java.jsp}},
    note = {Visitado por última vez el 14 de julio de 2021}
}

@Misc{bib:oop,
    title = {Qué es la programacion orientada a objetos. \\ \url{https://desarrolloweb.com/articulos/499.php}},
    note = {Visitado por última vez el 14 de julio de 2021}
}

@Misc{bib:jvm,
    title = {JVM: ¿{Q}ué es y cómo funciona la {M}áquina {V}irtual {J}ava? \\ \url{https://javadesdecero.es/fundamentos/como-funciona-maquina-virtual/}},
    note = {Visitado por última vez el 14 de julio de 2021}
}

@Misc{bib:spring,
    title = {Sitio web de {S}pring \\ \url{https://spring.io/}},
    note = {Visitado por última vez el 14 de julio de 2021}
}

@Misc{bib:opensource,
    title = {¿{Q}ué es el open source? \\ \url{https://www.redhat.com/es/topics/open-source/what-is-open-source}},
    note = {Visitado por última vez el 14 de julio de 2021}
}


@Misc{bib:javaee,
    title = {Java {E}{E} at a {G}lance \\ \url{https://www.oracle.com/es/java/technologies/java-ee-glance.html}},
    note = {Visitado por última vez el 14 de julio de 2021}
}

@Misc{bib:http,
    title = {Generalidades del protocolo {H}{T}{T}{P} \\ \url{https://developer.mozilla.org/es/docs/Web/HTTP/Overview}},
    note = {Visitado por última vez el 14 de julio de 2021}
}

@Misc{bib:apirest,
    title = {¿{Q}ué es una {A}{P}{I} de {R}{E}{S}{T}? \\ \url{https://www.redhat.com/es/topics/api/what-is-a-rest-api}},
    note = {Visitado por última vez el 14 de julio de 2021}
}

@Misc{bib:sql,
    title = {Introduction to {S}{Q}{L} \\ \url{https://www.w3schools.com/sql/sql_intro.asp}},
    note = {Visitado por última vez el 14 de julio de 2021}
}

@Misc{bib:h2,
    title = {Sitio web de {H}2 database \\ \url{https://www.h2database.com/html/main.html}},
    note = {Visitado por última vez el 14 de julio de 2021}
}

@Misc{bib:mybatis,
    title = {Sitio web de {M}y{B}atis \\ \url{https://mybatis.org/mybatis-3/es/}},
    note = {Visitado por última vez el 14 de julio de 2021}
}

@Misc{bib:xml,
    title = {Introduction to {X}{M}{L} \\ \url{https://www.w3schools.com/xml/xml_whatis.asp}},
    note = {Visitado por última vez el 14 de julio de 2021}
}

@Misc{bib:flyway,
    title = {Sitio web de {F}lyway \\ \url{https://flywaydb.org/}},
    note = {Visitado por última vez el 14 de julio de 2021}
}

@Misc{bib:webapp,
    title = {What {I}s a {W}eb {A}pplication? {H}ow {I}t {W}orks, {B}enefits and {E}xamples \\ \url{https://www.indeed.com/career-advice/career-development/what-is-web-application}},
    note = {Visitado por última vez el 14 de julio de 2021}
}

@Misc{bib:javascript,
    title = {Java{S}cript \\ \url{https://developer.mozilla.org/es/docs/Web/JavaScript}},
    note = {Visitado por última vez el 14 de julio de 2021}
}

@Misc{bib:react,
    title = {Sitio web de {R}eact \\ \url{https://es.reactjs.org/}},
    note = {Visitado por última vez el 14 de julio de 2021}
}

@Misc{bib:jsx,
    title = {Presentando {J}{S}{X} \\ \url{https://es.reactjs.org/docs/introducing-jsx.html}},
    note = {Visitado por última vez el 14 de julio de 2021}
}

@Misc{bib:html,
    title = {{H}{T}{M}{L}: {L}enguaje de etiquetas de hipertexto \\ \url{https://developer.mozilla.org/es/docs/Web/HTML}},
    note = {Visitado por última vez el 14 de julio de 2021}
}

@Misc{bib:bootstrap,
    title = {Sitio web de {B}ootstrap \\ \url{https://getbootstrap.com/docs/4.0/getting-started/introduction/}},
    note = {Visitado por última vez el 14 de julio de 2021}
}

@Misc{bib:css,
    title = {{C}{S}{S} \\ \url{https://developer.mozilla.org/es/docs/Web/CSS}},
    note = {Visitado por última vez el 14 de julio de 2021}
}

@Misc{bib:github,
    title = {Sitio web de {G}it{H}ub \\ \url{https://github.com/}},
    note = {Visitado por última vez el 14 de julio de 2021}
}

@Misc{bib:oauth2,
    title = {Qué es {O}{A}uth2 \\ \url{https://openwebinars.net/blog/que-es-oauth2/}},
    note = {Visitado por última vez el 14 de julio de 2021}
}

@Misc{bib:springsocial,
    title = {Spring {S}ocial \\ \url{https://projects.spring.io/spring-social/}},
    note = {Visitado por última vez el 14 de julio de 2021}
}

@Misc{bib:intellij,
    title = {Sitio web de {I}telli{J} {I}{D}{E}{A} \\ \url{https://www.jetbrains.com/es-es/idea/}},
    note = {Visitado por última vez el 14 de julio de 2021}
}

@Misc{bib:vsc,
    title = {Sitio web de {V}isual {S}tudio {C}ode\\ \url{https://code.visualstudio.com/}},
    note = {Visitado por última vez el 14 de julio de 2021}
}

@Misc{bib:maven,
    title = {Sitio web de {A}pache {M}aven \\ \url{https://maven.apache.org/}},
    note = {Visitado por última vez el 14 de julio de 2021}
}

@Misc{bib:npm,
    title = {Sitio web de {N}{P}{M} \\ \url{https://www.npmjs.com/}},
    note = {Visitado por última vez el 14 de julio de 2021}
}

@Misc{bib:git,
    title = {Sitio web de {G}it \\ \url{https://git-scm.com/}},
    note = {Visitado por última vez el 14 de julio de 2021}
}

@Misc{bib:cucumber,
    title = {Sitio web de {C}ucumber \\ \url{https://cucumber.io/}},
    note = {Visitado por última vez el 14 de julio de 2021}
}

@Misc{bib:gherkin,
    title = {Gherkin syntax \\ \url{https://cucumber.io/docs/gherkin/}},
    note = {Visitado por última vez el 14 de julio de 2021}
}


@Misc{bib:hex1,
    title = {Hexagonal architecture \\ \url{https://alistair.cockburn.us/hexagonal-architecture/}},
    note = {Visitado por última vez el 14 de julio de 2021}
}


@Misc{bib:hex2,
    title = {D{D}{D}, {H}exagonal, {O}nion, {C}lean, {C}{Q}{R}{S}, … {H}ow {I} put it all together \\ \url{https://herbertograca.com/2017/11/16/explicit-architecture-01-ddd-hexagonal-onion-clean-cqrs-how-i-put-it-all-together/}},
    note = {Visitado por última vez el 14 de julio de 2021}
}

@Misc{bib:domainmodel,
    title = {Domain {M}odel \\ \url{https://martinfowler.com/eaaCatalog/domainModel.html}},
    note = {Visitado por última vez el 14 de julio de 2021}
}

@Misc{bib:entities,
    title = {Understanding {D}omain {E}ntities \\ \url{https://khalilstemmler.com/articles/typescript-domain-driven-design/entities/}},
    note = {Visitado por última vez el 14 de julio de 2021}
}

@Misc{bib:valueobjects,
    title = {Value {O}bjects \\ \url{https://medium.com/all-you-need-is-clean-code/value-objects-d4c24115fa69}},
    note = {Visitado por última vez el 14 de julio de 2021}
}

@Misc{bib:webcomponents,
    title = {Web {C}omponents \\ \url{https://developer.mozilla.org/es/docs/Web/Web_Components}},
    note = {Visitado por última vez el 14 de julio de 2021}
}

@Misc{bib:docker,
    title = {Sitio web de {D}ocker \\ \url{https://www.docker.com/}},
    note = {Visitado por última vez el 14 de julio de 2021}
}




